<?xml version="1.0" encoding="UTF-8"?><collection xmlns="http://www.loc.gov/MARC21/slim"><record><leader>00331nam--2200121-i-4500</leader><controlfield tag="001">000003472</controlfield><controlfield tag="002">20161230</controlfield><controlfield tag="005">20161230201025</controlfield><controlfield tag="008">060222s1000------------r-----000-0-eng-d</controlfield><datafield ind1=" " ind2=" " tag="100"><subfield code="a">Cepelevski, M. L</subfield></datafield><datafield ind1=" " ind2=" " tag="245"><subfield code="a">Incercari de construire a unui sistem periodic al nucleelor atomice</subfield></datafield><datafield ind1=" " ind2=" " tag="260"><subfield code="a">J.E.T.F.Nr.3 (9), V.23, 1952</subfield></datafield><datafield ind1=" " ind2=" " tag="852"><subfield code="a">865</subfield></datafield></record></collection>